@book{hodges1992you,
  title={Is it you or your model talking?: A framework for model validation},
  author={Hodges, James S and Dewar, James A and Center, Arroyo},
  year={1992},
  publisher={Santa Monica, CA: Rand}
}

@article{hurtado2014looking,
  title={Looking in the rear-view mirror: bias and retrospective patterns in integrated, age-structured stock assessment models},
  author={Hurtado-Ferro, Felipe and Szuwalski, Cody S and Valero, Juan L and Anderson, Sean C and Cunningham, Curry J and Johnson, Kelli F and Licandeo, Roberto and McGilliard, Carey R and Monnahan, Cole C and Muradian, Melissa L and others},

  pages={fsu198},
  year={2014},
  publisher={Oxford University Press}
}

@article{kell2016xval,
  title={Evaluation of the prediction skill of stock assessment using hindcasting},
  author={Kell, Laurence T and Kimoto, Ai and Kitakado, Toshihide},
  journal={Fisheries research},
  volume={183},
  pages={119--127},
  year={2016},
  publisher={Elsevier}
}

@article{huschke1959glossary,
  title={Glossary of meteorology},
  author={Huschke, Ralph E and others},
  journal={ },
  year={1959},
  publisher={American Meteorological Society}
}

@book{glickman2000glossary,
  title={Glossary of meteorology},
  author={Glickman, Todd S and Zenk, Walter},
  year={2000},
  publisher={American Meteorological Society}
}

@article{fiorellato2019,
 author={Fiorellato, F., Pierre, L., Geehan, J.},
  year={2019},
  title={Review of The Statistical Data And Fishery Trends For Tropical Tunas,
  volume={IOTC–2018–WPTT20},
  number={33}}} % IOTC–2019–WPTT21–08.

@article{fu2018
author={Fu, D., Langley, A. Merino, G., Ijurco, A.U.},
  year={2018},
  title={Preliminary Indian ocean yellowfin tuna stock assessment 1950-2017 (Stock Synthesis)},
  publisher={IOTC},
  volume={IOTC–2018–WPTT20},
  number={33}}

@article{
author={Hampton, J., Sibert, J. R., Kleiber, P., Maunder, M. N. & Harley,S.J. 2005. Nature 434.

%@article{hoyle2020
%author={Hoyle,S. Langley, A.},
%  year={2020},
%  publisher={IOTC},
%  title={Scaling factors for multi-region stock assessments, with an application to Indian Ocean tropical tunas. Fisheries Research 10.1016/j.fishres.2020.105586

%@article{hoyle2020
%author={Hoyle, S.D., Kitakado, T ., Yeh, Y.M. , Wang, S.P. , Wu, R.F. , Chang, F.C., Matsumoto, T. , Satoh, K., Kim, D.N. , Lee, S.I.,  Chassot , E. , and Fu, D.},
%  year={2020},
%  publisher={IOTC},
%  title={
%   IOTC–CPUEWS–05 2018a: Report of the Fifth IOTC CPUE Workshop on Longline Fisheries, May 28th–June 1st, 2018. IOTC–2018–CPUEWS05–R. 27 pp.

@article{hoyle2020
author={Hoyle, S.D., Chassot, E., Fu, D., Kim, D.N., Lee, S.I., Matsumoto, T., Satoh, K., Wang, S.P., Yeh, Y.M., Kitakado, T.},
  year={2018},
  publisher={IOTC},
  title={Collaborative study of yellowfin tuna CPUE from multiple Indian Ocean longline fleets in 2018},
  volume={IOTC–2018–WPTT20},
  number={33}}} %IOTC–2018–WPM09–12.

%IOTC–WPTT20 2018. Report of the 20th Session of the IOTC Working Party on Tropical Tunas. Seychelles, 29 October – 3 November 2018. IOTC–2018–WPTT20–R[E]: 131 pp.

@article{langley2015
author={Langley, A.},
  year={2015},
  publisher={IOTC},
  title={Stock assessment of yellowfin tuna in the Indian Ocean using Stock Synthesis,
  volume={IOTC–2018–WPTT20},
  number={33}}} % IOTC-2012-WPTT-17-30.

@article{langely2016,
author={Langley, A.},
  year={2015},
  publisher={IOTC},
  title={Stock assessment of yellowfin tuna in the Indian Ocean using Stock Synthesis,
  volume={IOTC–2018–WPTT20},
  number={33}}} % IOTC-2012-WPTT-17-30.

@article{langley2016
author={Langley, A.},
  year={2016},
  publisher={IOTC},
  title={An update of the 2015 Indian Ocean Yellowfin Tuna stock assessment for 2016,
  volume={IOTC–2018–WPTT20},
  number={33}}} % IOTC-2016-WPTT18-27.

@article{urtizberea2018,
author={Urtizberea, A., Fu, D., Merino, G., Methot, R., Cardinale, M., Winker. H., Walter J., Murua, H.},
  year={2019},
  publisher={IOTC},
  title={Preliminary Assessment of Indian Ocean Yellowfin Tuna 1950-2018 (Stock Synthesis, V3.30),
  volume={IOTC–2018–WPTT20},
  number={33}}} % IOTC–2018–WPTT21–50.

